<record><leader>00000cas a22000007a 4500</leader><controlfield tag="001">11590032</controlfield><controlfield tag="008">850117d18781886mauwr ne      0    0eng d</controlfield><datafield ind1=" " ind2=" " tag="010"><subfield code="a">sn 85033011 </subfield></datafield><datafield ind1=" " ind2=" " tag="040"><subfield code="a">NPU</subfield><subfield code="b">eng</subfield><subfield code="c">NPU</subfield><subfield code="d">MGN</subfield><subfield code="d">OCLCQ</subfield></datafield><datafield ind1=" " ind2=" " tag="042"><subfield code="a">msc</subfield></datafield><datafield ind1="0" ind2=" " tag="130"><subfield code="a">Charlestown news (Boston, Mass. : 1878)</subfield></datafield><datafield ind1="1" ind2="4" tag="245"><subfield code="a">The Charlestown news.</subfield></datafield><datafield ind1=" " ind2=" " tag="260"><subfield code="a">Boston, C.D. [Charlestown District, Mass.] :</subfield><subfield code="b">Charles R. Byram</subfield></datafield><datafield ind1=" " ind2=" " tag="300"><subfield code="a">v. ;</subfield><subfield code="c">66 cm.</subfield></datafield><datafield ind1=" " ind2=" " tag="310"><subfield code="a">Weekly</subfield></datafield><datafield ind1="0" ind2=" " tag="362"><subfield code="a">Vol. 1, no. 1 (Sept. 7, 1878)-v. 8, no. 24 (Feb. 20, 1886).</subfield></datafield><datafield ind1=" " ind2=" " tag="752"><subfield code="a">United States</subfield><subfield code="b">Massachusetts</subfield><subfield code="c">Suffolk</subfield><subfield code="d">Boston.</subfield></datafield><datafield ind1=" " ind2=" " tag="752"><subfield code="a">United States</subfield><subfield code="b">Massachusetts</subfield><subfield code="c">Suffolk</subfield><subfield code="d">Charlestown.</subfield></datafield><datafield ind1="0" ind2="7" tag="785"><subfield code="t">Charlestown enterprise (Boston, Mass. : 1884)</subfield><subfield code="w">(DLC)sn 91057075</subfield></datafield><datafield ind1="0" ind2="7" tag="785"><subfield code="t">Charlestown enterprise, Charlestown news</subfield><subfield code="w">(DLC)sn 91057076</subfield></datafield></record>